%YAML 1.1
%TAG !u! tag:unity3d.com,2011:
--- !u!29 &1
OcclusionCullingSettings:
  m_ObjectHideFlags: 0
  serializedVersion: 2
  m_OcclusionBakeSettings:
    smallestOccluder: 5
    smallestHole: 0.25
    backfaceThreshold: 100
  m_SceneGUID: 00000000000000000000000000000000
  m_OcclusionCullingData: {fileID: 0}
--- !u!104 &2
RenderSettings:
  m_ObjectHideFlags: 0
  serializedVersion: 9
  m_Fog: 0
  m_FogColor: {r: 0.5, g: 0.5, b: 0.5, a: 1}
  m_FogMode: 3
  m_FogDensity: 0.01
  m_LinearFogStart: 0
  m_LinearFogEnd: 300
  m_AmbientSkyColor: {r: 0.212, g: 0.227, b: 0.259, a: 1}
  m_AmbientEquatorColor: {r: 0.114, g: 0.125, b: 0.133, a: 1}
  m_AmbientGroundColor: {r: 0.047, g: 0.043, b: 0.035, a: 1}
  m_AmbientIntensity: 1
  m_AmbientMode: 0
  m_SubtractiveShadowColor: {r: 0.42, g: 0.478, b: 0.627, a: 1}
  m_SkyboxMaterial: {fileID: 10304, guid: 0000000000000000f000000000000000, type: 0}
  m_HaloStrength: 0.5
  m_FlareStrength: 1
  m_FlareFadeSpeed: 3
  m_HaloTexture: {fileID: 0}
  m_SpotCookie: {fileID: 10001, guid: 0000000000000000e000000000000000, type: 0}
  m_DefaultReflectionMode: 0
  m_DefaultReflectionResolution: 128
  m_ReflectionBounces: 1
  m_ReflectionIntensity: 1
  m_CustomReflection: {fileID: 0}
  m_Sun: {fileID: 705507994}
  m_IndirectSpecularColor: {r: 0.44657826, g: 0.49641263, b: 0.57481676, a: 1}
  m_UseRadianceAmbientProbe: 0
--- !u!157 &3
LightmapSettings:
  m_ObjectHideFlags: 0
  serializedVersion: 11
  m_GIWorkflowMode: 0
  m_GISettings:
    serializedVersion: 2
    m_BounceScale: 1
    m_IndirectOutputScale: 1
    m_AlbedoBoost: 1
    m_EnvironmentLightingMode: 0
    m_EnableBakedLightmaps: 1
    m_EnableRealtimeLightmaps: 1
  m_LightmapEditorSettings:
    serializedVersion: 12
    m_Resolution: 2
    m_BakeResolution: 40
    m_AtlasSize: 1024
    m_AO: 0
    m_AOMaxDistance: 1
    m_CompAOExponent: 1
    m_CompAOExponentDirect: 0
    m_ExtractAmbientOcclusion: 0
    m_Padding: 2
    m_LightmapParameters: {fileID: 0}
    m_LightmapsBakeMode: 1
    m_TextureCompression: 1
    m_FinalGather: 0
    m_FinalGatherFiltering: 1
    m_FinalGatherRayCount: 256
    m_ReflectionCompression: 2
    m_MixedBakeMode: 2
    m_BakeBackend: 1
    m_PVRSampling: 1
    m_PVRDirectSampleCount: 32
    m_PVRSampleCount: 500
    m_PVRBounces: 2
    m_PVREnvironmentSampleCount: 500
    m_PVREnvironmentReferencePointCount: 2048
    m_PVRFilteringMode: 2
    m_PVRDenoiserTypeDirect: 0
    m_PVRDenoiserTypeIndirect: 0
    m_PVRDenoiserTypeAO: 0
    m_PVRFilterTypeDirect: 0
    m_PVRFilterTypeIndirect: 0
    m_PVRFilterTypeAO: 0
    m_PVREnvironmentMIS: 0
    m_PVRCulling: 1
    m_PVRFilteringGaussRadiusDirect: 1
    m_PVRFilteringGaussRadiusIndirect: 5
    m_PVRFilteringGaussRadiusAO: 2
    m_PVRFilteringAtrousPositionSigmaDirect: 0.5
    m_PVRFilteringAtrousPositionSigmaIndirect: 2
    m_PVRFilteringAtrousPositionSigmaAO: 1
    m_ExportTrainingData: 0
    m_TrainingDataDestination: TrainingData
  m_LightingDataAsset: {fileID: 0}
  m_UseShadowmask: 1
--- !u!196 &4
NavMeshSettings:
  serializedVersion: 2
  m_ObjectHideFlags: 0
  m_BuildSettings:
    serializedVersion: 2
    agentTypeID: 0
    agentRadius: 0.5
    agentHeight: 2
    agentSlope: 45
    agentClimb: 0.4
    ledgeDropHeight: 0
    maxJumpAcrossDistance: 0
    minRegionArea: 2
    manualCellSize: 0
    cellSize: 0.16666667
    manualTileSize: 0
    tileSize: 256
    accuratePlacement: 0
    debug:
      m_Flags: 0
  m_NavMeshData: {fileID: 0}
--- !u!1 &223599063
GameObject:
  m_ObjectHideFlags: 0
  m_CorrespondingSourceObject: {fileID: 0}
  m_PrefabInstance: {fileID: 0}
  m_PrefabAsset: {fileID: 0}
  serializedVersion: 6
  m_Component:
  - component: {fileID: 223599064}
  m_Layer: 0
  m_Name: EnvironmentBackground
  m_TagString: Untagged
  m_Icon: {fileID: 0}
  m_NavMeshLayer: 0
  m_StaticEditorFlags: 0
  m_IsActive: 0
--- !u!4 &223599064
Transform:
  m_ObjectHideFlags: 0
  m_CorrespondingSourceObject: {fileID: 0}
  m_PrefabInstance: {fileID: 0}
  m_PrefabAsset: {fileID: 0}
  m_GameObject: {fileID: 223599063}
  m_LocalRotation: {x: 0, y: 0, z: 0, w: 1}
  m_LocalPosition: {x: 0, y: 0, z: 0}
  m_LocalScale: {x: 1, y: 1, z: 1}
  m_Children:
  - {fileID: 1073552892}
  - {fileID: 972846143}
  m_Father: {fileID: 896303072}
  m_RootOrder: 3
  m_LocalEulerAnglesHint: {x: 0, y: 0, z: 0}
--- !u!1 &561634764
GameObject:
  m_ObjectHideFlags: 0
  m_CorrespondingSourceObject: {fileID: 0}
  m_PrefabInstance: {fileID: 0}
  m_PrefabAsset: {fileID: 0}
  serializedVersion: 6
  m_Component:
  - component: {fileID: 561634765}
  m_Layer: 0
  m_Name: CharacterStartPosition
  m_TagString: Untagged
  m_Icon: {fileID: 0}
  m_NavMeshLayer: 0
  m_StaticEditorFlags: 0
  m_IsActive: 0
--- !u!4 &561634765
Transform:
  m_ObjectHideFlags: 0
  m_CorrespondingSourceObject: {fileID: 0}
  m_PrefabInstance: {fileID: 0}
  m_PrefabAsset: {fileID: 0}
  m_GameObject: {fileID: 561634764}
  m_LocalRotation: {x: 0, y: 0.8870109, z: 0, w: 0.46174863}
  m_LocalPosition: {x: -20, y: 123.2, z: -230.3}
  m_LocalScale: {x: 1, y: 1, z: 1}
  m_Children: []
  m_Father: {fileID: 896303072}
  m_RootOrder: 1
  m_LocalEulerAnglesHint: {x: 0, y: 125, z: 0}
--- !u!1 &705507993
GameObject:
  m_ObjectHideFlags: 0
  m_CorrespondingSourceObject: {fileID: 0}
  m_PrefabInstance: {fileID: 0}
  m_PrefabAsset: {fileID: 0}
  serializedVersion: 6
  m_Component:
  - component: {fileID: 705507995}
  - component: {fileID: 705507994}
  m_Layer: 0
  m_Name: Directional Light
  m_TagString: Untagged
  m_Icon: {fileID: 0}
  m_NavMeshLayer: 0
  m_StaticEditorFlags: 0
  m_IsActive: 1
--- !u!108 &705507994
Light:
  m_ObjectHideFlags: 0
  m_CorrespondingSourceObject: {fileID: 0}
  m_PrefabInstance: {fileID: 0}
  m_PrefabAsset: {fileID: 0}
  m_GameObject: {fileID: 705507993}
  m_Enabled: 1
  serializedVersion: 9
  m_Type: 1
  m_Color: {r: 1, g: 0.95686275, b: 0.8392157, a: 1}
  m_Intensity: 1
  m_Range: 10
  m_SpotAngle: 30
  m_InnerSpotAngle: 21.80208
  m_CookieSize: 10
  m_Shadows:
    m_Type: 2
    m_Resolution: -1
    m_CustomResolution: -1
    m_Strength: 1
    m_Bias: 0.05
    m_NormalBias: 0.4
    m_NearPlane: 0.2
    m_CullingMatrixOverride:
      e00: 1
      e01: 0
      e02: 0
      e03: 0
      e10: 0
      e11: 1
      e12: 0
      e13: 0
      e20: 0
      e21: 0
      e22: 1
      e23: 0
      e30: 0
      e31: 0
      e32: 0
      e33: 1
    m_UseCullingMatrixOverride: 0
  m_Cookie: {fileID: 0}
  m_DrawHalo: 0
  m_Flare: {fileID: 0}
  m_RenderMode: 0
  m_CullingMask:
    serializedVersion: 2
    m_Bits: 4294967295
  m_RenderingLayerMask: 1
  m_Lightmapping: 1
  m_LightShadowCasterMode: 0
  m_AreaSize: {x: 1, y: 1}
  m_BounceIntensity: 1
  m_ColorTemperature: 6570
  m_UseColorTemperature: 0
  m_BoundingSphereOverride: {x: 0, y: 0, z: 0, w: 1.3909292}
  m_UseBoundingSphereOverride: 0
  m_ShadowRadius: 0
  m_ShadowAngle: 0
--- !u!4 &705507995
Transform:
  m_ObjectHideFlags: 0
  m_CorrespondingSourceObject: {fileID: 0}
  m_PrefabInstance: {fileID: 0}
  m_PrefabAsset: {fileID: 0}
  m_GameObject: {fileID: 705507993}
  m_LocalRotation: {x: 0.40821788, y: -0.23456968, z: 0.10938163, w: 0.8754261}
  m_LocalPosition: {x: 0, y: 3, z: 0}
  m_LocalScale: {x: 1, y: 1, z: 1}
  m_Children: []
  m_Father: {fileID: 0}
  m_RootOrder: 1
  m_LocalEulerAnglesHint: {x: 50, y: -30, z: 0}
--- !u!1 &750458092
GameObject:
  m_ObjectHideFlags: 0
  m_CorrespondingSourceObject: {fileID: 0}
  m_PrefabInstance: {fileID: 0}
  m_PrefabAsset: {fileID: 0}
  serializedVersion: 6
  m_Component:
  - component: {fileID: 750458095}
  - component: {fileID: 750458094}
  - component: {fileID: 750458093}
  m_Layer: 0
  m_Name: EventSystem
  m_TagString: Untagged
  m_Icon: {fileID: 0}
  m_NavMeshLayer: 0
  m_StaticEditorFlags: 0
  m_IsActive: 1
--- !u!114 &750458093
MonoBehaviour:
  m_ObjectHideFlags: 0
  m_CorrespondingSourceObject: {fileID: 0}
  m_PrefabInstance: {fileID: 0}
  m_PrefabAsset: {fileID: 0}
  m_GameObject: {fileID: 750458092}
  m_Enabled: 1
  m_EditorHideFlags: 0
  m_Script: {fileID: 11500000, guid: 4f231c4fb786f3946a6b90b886c48677, type: 3}
  m_Name: 
  m_EditorClassIdentifier: 
  m_HorizontalAxis: Horizontal
  m_VerticalAxis: Vertical
  m_SubmitButton: Submit
  m_CancelButton: Cancel
  m_InputActionsPerSecond: 10
  m_RepeatDelay: 0.5
  m_ForceModuleActive: 0
--- !u!114 &750458094
MonoBehaviour:
  m_ObjectHideFlags: 0
  m_CorrespondingSourceObject: {fileID: 0}
  m_PrefabInstance: {fileID: 0}
  m_PrefabAsset: {fileID: 0}
  m_GameObject: {fileID: 750458092}
  m_Enabled: 1
  m_EditorHideFlags: 0
  m_Script: {fileID: 11500000, guid: 76c392e42b5098c458856cdf6ecaaaa1, type: 3}
  m_Name: 
  m_EditorClassIdentifier: 
  m_FirstSelected: {fileID: 0}
  m_sendNavigationEvents: 1
  m_DragThreshold: 10
--- !u!4 &750458095
Transform:
  m_ObjectHideFlags: 0
  m_CorrespondingSourceObject: {fileID: 0}
  m_PrefabInstance: {fileID: 0}
  m_PrefabAsset: {fileID: 0}
  m_GameObject: {fileID: 750458092}
  m_LocalRotation: {x: 0, y: 0, z: 0, w: 1}
  m_LocalPosition: {x: 0, y: 0, z: 0}
  m_LocalScale: {x: 1, y: 1, z: 1}
  m_Children: []
  m_Father: {fileID: 0}
  m_RootOrder: 4
  m_LocalEulerAnglesHint: {x: 0, y: 0, z: 0}
--- !u!1 &805821352
GameObject:
  m_ObjectHideFlags: 0
  m_CorrespondingSourceObject: {fileID: 0}
  m_PrefabInstance: {fileID: 0}
  m_PrefabAsset: {fileID: 0}
  serializedVersion: 6
  m_Component:
  - component: {fileID: 805821353}
  m_Layer: 0
  m_Name: EnvironmentLandscape
  m_TagString: Untagged
  m_Icon: {fileID: 0}
  m_NavMeshLayer: 0
  m_StaticEditorFlags: 0
  m_IsActive: 0
--- !u!4 &805821353
Transform:
  m_ObjectHideFlags: 0
  m_CorrespondingSourceObject: {fileID: 0}
  m_PrefabInstance: {fileID: 0}
  m_PrefabAsset: {fileID: 0}
  m_GameObject: {fileID: 805821352}
  m_LocalRotation: {x: 0, y: 1, z: 0, w: 0}
  m_LocalPosition: {x: 0, y: 0, z: 0}
  m_LocalScale: {x: 16.00002, y: 16, z: 16.00002}
  m_Children:
  - {fileID: 1503004863}
  m_Father: {fileID: 896303072}
  m_RootOrder: 4
  m_LocalEulerAnglesHint: {x: 0, y: 180, z: 0}
--- !u!1 &896303070
GameObject:
  m_ObjectHideFlags: 0
  m_CorrespondingSourceObject: {fileID: 0}
  m_PrefabInstance: {fileID: 0}
  m_PrefabAsset: {fileID: 0}
  serializedVersion: 6
  m_Component:
  - component: {fileID: 896303072}
  - component: {fileID: 896303071}
  m_Layer: 0
  m_Name: Game
  m_TagString: Untagged
  m_Icon: {fileID: 0}
  m_NavMeshLayer: 0
  m_StaticEditorFlags: 0
  m_IsActive: 1
--- !u!114 &896303071
MonoBehaviour:
  m_ObjectHideFlags: 0
  m_CorrespondingSourceObject: {fileID: 0}
  m_PrefabInstance: {fileID: 0}
  m_PrefabAsset: {fileID: 0}
  m_GameObject: {fileID: 896303070}
  m_Enabled: 1
  m_EditorHideFlags: 0
  m_Script: {fileID: 11500000, guid: 85bf7546c1981c340b60aa6f224518ef, type: 3}
  m_Name: 
  m_EditorClassIdentifier: 
  MainCamera: {fileID: 963194227}
  Character: {fileID: 792252150293316475, guid: 0ec771fc79c748e4694b82068b3883e1,
    type: 3}
  Menu: {fileID: 0}
  Hud: {fileID: 0}
  CharacterStart: {fileID: 561634765}
--- !u!4 &896303072
Transform:
  m_ObjectHideFlags: 0
  m_CorrespondingSourceObject: {fileID: 0}
  m_PrefabInstance: {fileID: 0}
  m_PrefabAsset: {fileID: 0}
  m_GameObject: {fileID: 896303070}
  m_LocalRotation: {x: 0, y: 0, z: 0, w: 1}
  m_LocalPosition: {x: 0, y: 0, z: 0}
  m_LocalScale: {x: 1, y: 1, z: 1}
  m_Children:
  - {fileID: 2083344931}
  - {fileID: 561634765}
  - {fileID: 1894937463}
  - {fileID: 223599064}
  - {fileID: 805821353}
  - {fileID: 1668573495}
  m_Father: {fileID: 0}
  m_RootOrder: 3
  m_LocalEulerAnglesHint: {x: 0, y: 0, z: 0}
--- !u!1 &963194225
GameObject:
  m_ObjectHideFlags: 0
  m_CorrespondingSourceObject: {fileID: 0}
  m_PrefabInstance: {fileID: 0}
  m_PrefabAsset: {fileID: 0}
  serializedVersion: 6
  m_Component:
  - component: {fileID: 963194228}
  - component: {fileID: 963194227}
  - component: {fileID: 963194226}
  m_Layer: 0
  m_Name: MainCamera
  m_TagString: MainCamera
  m_Icon: {fileID: 0}
  m_NavMeshLayer: 0
  m_StaticEditorFlags: 0
  m_IsActive: 1
--- !u!81 &963194226
AudioListener:
  m_ObjectHideFlags: 0
  m_CorrespondingSourceObject: {fileID: 0}
  m_PrefabInstance: {fileID: 0}
  m_PrefabAsset: {fileID: 0}
  m_GameObject: {fileID: 963194225}
  m_Enabled: 1
--- !u!20 &963194227
Camera:
  m_ObjectHideFlags: 0
  m_CorrespondingSourceObject: {fileID: 0}
  m_PrefabInstance: {fileID: 0}
  m_PrefabAsset: {fileID: 0}
  m_GameObject: {fileID: 963194225}
  m_Enabled: 1
  serializedVersion: 2
  m_ClearFlags: 1
  m_BackGroundColor: {r: 1, g: 1, b: 1, a: 1}
  m_projectionMatrixMode: 1
  m_GateFitMode: 2
  m_FOVAxisMode: 0
  m_SensorSize: {x: 36, y: 24}
  m_LensShift: {x: 0, y: 0}
  m_FocalLength: 50
  m_NormalizedViewPortRect:
    serializedVersion: 2
    x: 0
    y: 0
    width: 1
    height: 1
  near clip plane: 0.3
  far clip plane: 1000
  field of view: 20
  orthographic: 0
  orthographic size: 5
  m_Depth: -1
  m_CullingMask:
    serializedVersion: 2
    m_Bits: 4294967295
  m_RenderingPath: -1
  m_TargetTexture: {fileID: 0}
  m_TargetDisplay: 0
  m_TargetEye: 3
  m_HDR: 1
  m_AllowMSAA: 1
  m_AllowDynamicResolution: 0
  m_ForceIntoRT: 0
  m_OcclusionCulling: 1
  m_StereoConvergence: 10
  m_StereoSeparation: 0.022
--- !u!4 &963194228
Transform:
  m_ObjectHideFlags: 0
  m_CorrespondingSourceObject: {fileID: 0}
  m_PrefabInstance: {fileID: 0}
  m_PrefabAsset: {fileID: 0}
  m_GameObject: {fileID: 963194225}
  m_LocalRotation: {x: 0.287084, y: -0, z: -0, w: 0.9579054}
  m_LocalPosition: {x: -0.09, y: 150.9, z: -244.2}
  m_LocalScale: {x: 1, y: 1, z: 1}
  m_Children: []
  m_Father: {fileID: 0}
  m_RootOrder: 0
  m_LocalEulerAnglesHint: {x: 33.367, y: 0, z: 0}
--- !u!1001 &972846142
PrefabInstance:
  m_ObjectHideFlags: 0
  serializedVersion: 2
  m_Modification:
    m_TransformParent: {fileID: 223599064}
    m_Modifications:
    - target: {fileID: 173940590943805145, guid: 4d36472c5f95f434eb1be19e338d1e47,
        type: 3}
      propertyPath: m_Name
      value: SnowBackground
      objectReference: {fileID: 0}
    - target: {fileID: 173940590943805145, guid: 4d36472c5f95f434eb1be19e338d1e47,
        type: 3}
      propertyPath: m_IsActive
      value: 1
      objectReference: {fileID: 0}
    - target: {fileID: 7435199950734856778, guid: 4d36472c5f95f434eb1be19e338d1e47,
        type: 3}
      propertyPath: m_LocalPosition.x
      value: 102.5
      objectReference: {fileID: 0}
    - target: {fileID: 7435199950734856778, guid: 4d36472c5f95f434eb1be19e338d1e47,
        type: 3}
      propertyPath: m_LocalPosition.z
      value: 57.6
      objectReference: {fileID: 0}
    - target: {fileID: 8940481622297471519, guid: 4d36472c5f95f434eb1be19e338d1e47,
        type: 3}
      propertyPath: m_LocalPosition.x
      value: 0
      objectReference: {fileID: 0}
    - target: {fileID: 8940481622297471519, guid: 4d36472c5f95f434eb1be19e338d1e47,
        type: 3}
      propertyPath: m_LocalPosition.y
      value: 0
      objectReference: {fileID: 0}
    - target: {fileID: 8940481622297471519, guid: 4d36472c5f95f434eb1be19e338d1e47,
        type: 3}
      propertyPath: m_LocalPosition.z
      value: 0
      objectReference: {fileID: 0}
    - target: {fileID: 8940481622297471519, guid: 4d36472c5f95f434eb1be19e338d1e47,
        type: 3}
      propertyPath: m_LocalRotation.x
      value: 0
      objectReference: {fileID: 0}
    - target: {fileID: 8940481622297471519, guid: 4d36472c5f95f434eb1be19e338d1e47,
        type: 3}
      propertyPath: m_LocalRotation.y
      value: 0.5
      objectReference: {fileID: 0}
    - target: {fileID: 8940481622297471519, guid: 4d36472c5f95f434eb1be19e338d1e47,
        type: 3}
      propertyPath: m_LocalRotation.z
      value: 0
      objectReference: {fileID: 0}
    - target: {fileID: 8940481622297471519, guid: 4d36472c5f95f434eb1be19e338d1e47,
        type: 3}
      propertyPath: m_LocalRotation.w
      value: 0.8660254
      objectReference: {fileID: 0}
    - target: {fileID: 8940481622297471519, guid: 4d36472c5f95f434eb1be19e338d1e47,
        type: 3}
      propertyPath: m_RootOrder
      value: 1
      objectReference: {fileID: 0}
    - target: {fileID: 8940481622297471519, guid: 4d36472c5f95f434eb1be19e338d1e47,
        type: 3}
      propertyPath: m_LocalEulerAnglesHint.x
      value: 0
      objectReference: {fileID: 0}
    - target: {fileID: 8940481622297471519, guid: 4d36472c5f95f434eb1be19e338d1e47,
        type: 3}
      propertyPath: m_LocalEulerAnglesHint.y
      value: 60
      objectReference: {fileID: 0}
    - target: {fileID: 8940481622297471519, guid: 4d36472c5f95f434eb1be19e338d1e47,
        type: 3}
      propertyPath: m_LocalEulerAnglesHint.z
      value: 0
      objectReference: {fileID: 0}
    - target: {fileID: 8940481622297471519, guid: 4d36472c5f95f434eb1be19e338d1e47,
        type: 3}
      propertyPath: m_LocalScale.x
      value: 2
      objectReference: {fileID: 0}
    - target: {fileID: 8940481622297471519, guid: 4d36472c5f95f434eb1be19e338d1e47,
        type: 3}
      propertyPath: m_LocalScale.y
      value: 2
      objectReference: {fileID: 0}
    - target: {fileID: 8940481622297471519, guid: 4d36472c5f95f434eb1be19e338d1e47,
        type: 3}
      propertyPath: m_LocalScale.z
      value: 2
      objectReference: {fileID: 0}
    m_RemovedComponents: []
  m_SourcePrefab: {fileID: 100100000, guid: 4d36472c5f95f434eb1be19e338d1e47, type: 3}
--- !u!4 &972846143 stripped
Transform:
  m_CorrespondingSourceObject: {fileID: 8940481622297471519, guid: 4d36472c5f95f434eb1be19e338d1e47,
    type: 3}
  m_PrefabInstance: {fileID: 972846142}
  m_PrefabAsset: {fileID: 0}
--- !u!1 &1067669992
GameObject:
  m_ObjectHideFlags: 0
  m_CorrespondingSourceObject: {fileID: 0}
  m_PrefabInstance: {fileID: 0}
  m_PrefabAsset: {fileID: 0}
  serializedVersion: 6
  m_Component:
  - component: {fileID: 1067669994}
  - component: {fileID: 1067669993}
  m_Layer: 0
  m_Name: AudioController
  m_TagString: Untagged
  m_Icon: {fileID: 0}
  m_NavMeshLayer: 0
  m_StaticEditorFlags: 0
  m_IsActive: 1
--- !u!114 &1067669993
MonoBehaviour:
  m_ObjectHideFlags: 0
  m_CorrespondingSourceObject: {fileID: 0}
  m_PrefabInstance: {fileID: 0}
  m_PrefabAsset: {fileID: 0}
  m_GameObject: {fileID: 1067669992}
  m_Enabled: 1
  m_EditorHideFlags: 0
  m_Script: {fileID: 11500000, guid: 9aa3cebdd27f1504989be1363883ea40, type: 3}
  m_Name: 
  m_EditorClassIdentifier: 
--- !u!4 &1067669994
Transform:
  m_ObjectHideFlags: 0
  m_CorrespondingSourceObject: {fileID: 0}
  m_PrefabInstance: {fileID: 0}
  m_PrefabAsset: {fileID: 0}
  m_GameObject: {fileID: 1067669992}
  m_LocalRotation: {x: -0, y: -0, z: -0, w: 1}
  m_LocalPosition: {x: 3.1989305, y: 8.6385975, z: 9.239045}
  m_LocalScale: {x: 1, y: 1, z: 1}
  m_Children: []
  m_Father: {fileID: 0}
  m_RootOrder: 2
  m_LocalEulerAnglesHint: {x: 0, y: 0, z: 0}
--- !u!1001 &1073552891
PrefabInstance:
  m_ObjectHideFlags: 0
  serializedVersion: 2
  m_Modification:
    m_TransformParent: {fileID: 223599064}
    m_Modifications:
    - target: {fileID: 173940590943805145, guid: 4d36472c5f95f434eb1be19e338d1e47,
        type: 3}
      propertyPath: m_Name
      value: SnowMap
      objectReference: {fileID: 0}
    - target: {fileID: 7435199950270506174, guid: 4d36472c5f95f434eb1be19e338d1e47,
        type: 3}
      propertyPath: m_LocalPosition.x
      value: -46.8
      objectReference: {fileID: 0}
    - target: {fileID: 7435199950270506174, guid: 4d36472c5f95f434eb1be19e338d1e47,
        type: 3}
      propertyPath: m_LocalPosition.z
      value: -137.1
      objectReference: {fileID: 0}
    - target: {fileID: 7435199950270506174, guid: 4d36472c5f95f434eb1be19e338d1e47,
        type: 3}
      propertyPath: m_LocalPosition.y
      value: -7.199999
      objectReference: {fileID: 0}
    - target: {fileID: 7435199950270506174, guid: 4d36472c5f95f434eb1be19e338d1e47,
        type: 3}
      propertyPath: m_LocalRotation.y
      value: 0.826325
      objectReference: {fileID: 0}
    - target: {fileID: 7435199950270506174, guid: 4d36472c5f95f434eb1be19e338d1e47,
        type: 3}
      propertyPath: m_LocalRotation.w
      value: 0.5631936
      objectReference: {fileID: 0}
    - target: {fileID: 7435199950270506174, guid: 4d36472c5f95f434eb1be19e338d1e47,
        type: 3}
      propertyPath: m_LocalEulerAnglesHint.y
      value: 111.44601
      objectReference: {fileID: 0}
    - target: {fileID: 7435199950316647340, guid: 4d36472c5f95f434eb1be19e338d1e47,
        type: 3}
      propertyPath: m_LocalPosition.x
      value: -116.3
      objectReference: {fileID: 0}
    - target: {fileID: 7435199950316647340, guid: 4d36472c5f95f434eb1be19e338d1e47,
        type: 3}
      propertyPath: m_LocalPosition.z
      value: -101.8
      objectReference: {fileID: 0}
    - target: {fileID: 7435199950316647340, guid: 4d36472c5f95f434eb1be19e338d1e47,
        type: 3}
      propertyPath: m_LocalRotation.y
      value: 0.27883372
      objectReference: {fileID: 0}
    - target: {fileID: 7435199950316647340, guid: 4d36472c5f95f434eb1be19e338d1e47,
        type: 3}
      propertyPath: m_LocalRotation.w
      value: 0.9603394
      objectReference: {fileID: 0}
    - target: {fileID: 7435199950316647340, guid: 4d36472c5f95f434eb1be19e338d1e47,
        type: 3}
      propertyPath: m_LocalEulerAnglesHint.y
      value: 32.381
      objectReference: {fileID: 0}
    - target: {fileID: 7435199950603604716, guid: 4d36472c5f95f434eb1be19e338d1e47,
        type: 3}
      propertyPath: m_LocalPosition.x
      value: -42
      objectReference: {fileID: 0}
    - target: {fileID: 7435199950603604716, guid: 4d36472c5f95f434eb1be19e338d1e47,
        type: 3}
      propertyPath: m_LocalPosition.z
      value: 143
      objectReference: {fileID: 0}
    - target: {fileID: 7435199950734856778, guid: 4d36472c5f95f434eb1be19e338d1e47,
        type: 3}
      propertyPath: m_LocalPosition.x
      value: 134.3
      objectReference: {fileID: 0}
    - target: {fileID: 7435199950734856778, guid: 4d36472c5f95f434eb1be19e338d1e47,
        type: 3}
      propertyPath: m_LocalPosition.z
      value: 57.6
      objectReference: {fileID: 0}
    - target: {fileID: 7435199950894240742, guid: 4d36472c5f95f434eb1be19e338d1e47,
        type: 3}
      propertyPath: m_LocalPosition.x
      value: 82.49999
      objectReference: {fileID: 0}
    - target: {fileID: 7435199950894240742, guid: 4d36472c5f95f434eb1be19e338d1e47,
        type: 3}
      propertyPath: m_LocalPosition.z
      value: 133.5
      objectReference: {fileID: 0}
    - target: {fileID: 7435199950894240742, guid: 4d36472c5f95f434eb1be19e338d1e47,
        type: 3}
      propertyPath: m_LocalRotation.y
      value: 0.8902937
      objectReference: {fileID: 0}
    - target: {fileID: 7435199950894240742, guid: 4d36472c5f95f434eb1be19e338d1e47,
        type: 3}
      propertyPath: m_LocalRotation.w
      value: 0.4553868
      objectReference: {fileID: 0}
    - target: {fileID: 7435199950894240742, guid: 4d36472c5f95f434eb1be19e338d1e47,
        type: 3}
      propertyPath: m_LocalEulerAnglesHint.y
      value: 125.82001
      objectReference: {fileID: 0}
    - target: {fileID: 7435199950983857981, guid: 4d36472c5f95f434eb1be19e338d1e47,
        type: 3}
      propertyPath: m_LocalPosition.x
      value: 72.8
      objectReference: {fileID: 0}
    - target: {fileID: 7435199950983857981, guid: 4d36472c5f95f434eb1be19e338d1e47,
        type: 3}
      propertyPath: m_LocalPosition.z
      value: -89.4
      objectReference: {fileID: 0}
    - target: {fileID: 7435199950983857981, guid: 4d36472c5f95f434eb1be19e338d1e47,
        type: 3}
      propertyPath: m_LocalRotation.y
      value: 0.95364654
      objectReference: {fileID: 0}
    - target: {fileID: 7435199950983857981, guid: 4d36472c5f95f434eb1be19e338d1e47,
        type: 3}
      propertyPath: m_LocalRotation.w
      value: -0.30092922
      objectReference: {fileID: 0}
    - target: {fileID: 7435199950983857981, guid: 4d36472c5f95f434eb1be19e338d1e47,
        type: 3}
      propertyPath: m_LocalEulerAnglesHint.y
      value: 215.027
      objectReference: {fileID: 0}
    - target: {fileID: 7435199951185960072, guid: 4d36472c5f95f434eb1be19e338d1e47,
        type: 3}
      propertyPath: m_LocalPosition.x
      value: 14.200001
      objectReference: {fileID: 0}
    - target: {fileID: 7435199951185960072, guid: 4d36472c5f95f434eb1be19e338d1e47,
        type: 3}
      propertyPath: m_LocalPosition.z
      value: 167
      objectReference: {fileID: 0}
    - target: {fileID: 7435199951185960072, guid: 4d36472c5f95f434eb1be19e338d1e47,
        type: 3}
      propertyPath: m_LocalRotation.y
      value: 0.19654942
      objectReference: {fileID: 0}
    - target: {fileID: 7435199951185960072, guid: 4d36472c5f95f434eb1be19e338d1e47,
        type: 3}
      propertyPath: m_LocalRotation.w
      value: 0.9804939
      objectReference: {fileID: 0}
    - target: {fileID: 7435199951185960072, guid: 4d36472c5f95f434eb1be19e338d1e47,
        type: 3}
      propertyPath: m_LocalEulerAnglesHint.y
      value: 22.670002
      objectReference: {fileID: 0}
    - target: {fileID: 7435199951185960072, guid: 4d36472c5f95f434eb1be19e338d1e47,
        type: 3}
      propertyPath: m_LocalPosition.y
      value: -9.199999
      objectReference: {fileID: 0}
    - target: {fileID: 7435199951695143506, guid: 4d36472c5f95f434eb1be19e338d1e47,
        type: 3}
      propertyPath: m_LocalPosition.x
      value: -131
      objectReference: {fileID: 0}
    - target: {fileID: 7435199951695143506, guid: 4d36472c5f95f434eb1be19e338d1e47,
        type: 3}
      propertyPath: m_LocalPosition.z
      value: 2.5
      objectReference: {fileID: 0}
    - target: {fileID: 7435199951863564631, guid: 4d36472c5f95f434eb1be19e338d1e47,
        type: 3}
      propertyPath: m_LocalPosition.x
      value: 31.3
      objectReference: {fileID: 0}
    - target: {fileID: 7435199951863564631, guid: 4d36472c5f95f434eb1be19e338d1e47,
        type: 3}
      propertyPath: m_LocalPosition.z
      value: -159.2
      objectReference: {fileID: 0}
    - target: {fileID: 8940481622297471519, guid: 4d36472c5f95f434eb1be19e338d1e47,
        type: 3}
      propertyPath: m_LocalPosition.x
      value: 0
      objectReference: {fileID: 0}
    - target: {fileID: 8940481622297471519, guid: 4d36472c5f95f434eb1be19e338d1e47,
        type: 3}
      propertyPath: m_LocalPosition.y
      value: 0
      objectReference: {fileID: 0}
    - target: {fileID: 8940481622297471519, guid: 4d36472c5f95f434eb1be19e338d1e47,
        type: 3}
      propertyPath: m_LocalPosition.z
      value: 0
      objectReference: {fileID: 0}
    - target: {fileID: 8940481622297471519, guid: 4d36472c5f95f434eb1be19e338d1e47,
        type: 3}
      propertyPath: m_LocalRotation.x
      value: 0
      objectReference: {fileID: 0}
    - target: {fileID: 8940481622297471519, guid: 4d36472c5f95f434eb1be19e338d1e47,
        type: 3}
      propertyPath: m_LocalRotation.y
      value: 0.5
      objectReference: {fileID: 0}
    - target: {fileID: 8940481622297471519, guid: 4d36472c5f95f434eb1be19e338d1e47,
        type: 3}
      propertyPath: m_LocalRotation.z
      value: 0
      objectReference: {fileID: 0}
    - target: {fileID: 8940481622297471519, guid: 4d36472c5f95f434eb1be19e338d1e47,
        type: 3}
      propertyPath: m_LocalRotation.w
      value: 0.8660254
      objectReference: {fileID: 0}
    - target: {fileID: 8940481622297471519, guid: 4d36472c5f95f434eb1be19e338d1e47,
        type: 3}
      propertyPath: m_RootOrder
      value: 0
      objectReference: {fileID: 0}
    - target: {fileID: 8940481622297471519, guid: 4d36472c5f95f434eb1be19e338d1e47,
        type: 3}
      propertyPath: m_LocalEulerAnglesHint.x
      value: 0
      objectReference: {fileID: 0}
    - target: {fileID: 8940481622297471519, guid: 4d36472c5f95f434eb1be19e338d1e47,
        type: 3}
      propertyPath: m_LocalEulerAnglesHint.y
      value: 60
      objectReference: {fileID: 0}
    - target: {fileID: 8940481622297471519, guid: 4d36472c5f95f434eb1be19e338d1e47,
        type: 3}
      propertyPath: m_LocalEulerAnglesHint.z
      value: 0
      objectReference: {fileID: 0}
    - target: {fileID: 8940481622297471519, guid: 4d36472c5f95f434eb1be19e338d1e47,
        type: 3}
      propertyPath: m_LocalScale.x
      value: 1
      objectReference: {fileID: 0}
    - target: {fileID: 8940481622297471519, guid: 4d36472c5f95f434eb1be19e338d1e47,
        type: 3}
      propertyPath: m_LocalScale.y
      value: 1
      objectReference: {fileID: 0}
    - target: {fileID: 8940481622297471519, guid: 4d36472c5f95f434eb1be19e338d1e47,
        type: 3}
      propertyPath: m_LocalScale.z
      value: 1
      objectReference: {fileID: 0}
    m_RemovedComponents: []
  m_SourcePrefab: {fileID: 100100000, guid: 4d36472c5f95f434eb1be19e338d1e47, type: 3}
--- !u!4 &1073552892 stripped
Transform:
  m_CorrespondingSourceObject: {fileID: 8940481622297471519, guid: 4d36472c5f95f434eb1be19e338d1e47,
    type: 3}
  m_PrefabInstance: {fileID: 1073552891}
  m_PrefabAsset: {fileID: 0}
--- !u!4 &1503004863 stripped
Transform:
  m_CorrespondingSourceObject: {fileID: 415236, guid: bc6b7d6f0fb98544a873a3d69729fe66,
    type: 3}
  m_PrefabInstance: {fileID: 1730971079}
  m_PrefabAsset: {fileID: 0}
--- !u!1001 &1668573494
PrefabInstance:
  m_ObjectHideFlags: 0
  serializedVersion: 2
  m_Modification:
    m_TransformParent: {fileID: 896303072}
    m_Modifications:
    - target: {fileID: 1972292991140212310, guid: 25094ff5eef841942ba07e84a164c4ba,
        type: 3}
      propertyPath: m_Name
      value: UI
      objectReference: {fileID: 0}
    - target: {fileID: 1972292991140212311, guid: 25094ff5eef841942ba07e84a164c4ba,
        type: 3}
      propertyPath: m_LocalPosition.x
      value: 0
      objectReference: {fileID: 0}
    - target: {fileID: 1972292991140212311, guid: 25094ff5eef841942ba07e84a164c4ba,
        type: 3}
      propertyPath: m_LocalPosition.y
      value: 0
      objectReference: {fileID: 0}
    - target: {fileID: 1972292991140212311, guid: 25094ff5eef841942ba07e84a164c4ba,
        type: 3}
      propertyPath: m_LocalPosition.z
      value: 0
      objectReference: {fileID: 0}
    - target: {fileID: 1972292991140212311, guid: 25094ff5eef841942ba07e84a164c4ba,
        type: 3}
      propertyPath: m_LocalRotation.x
      value: 0
      objectReference: {fileID: 0}
    - target: {fileID: 1972292991140212311, guid: 25094ff5eef841942ba07e84a164c4ba,
        type: 3}
      propertyPath: m_LocalRotation.y
      value: 0
      objectReference: {fileID: 0}
    - target: {fileID: 1972292991140212311, guid: 25094ff5eef841942ba07e84a164c4ba,
        type: 3}
      propertyPath: m_LocalRotation.z
      value: 0
      objectReference: {fileID: 0}
    - target: {fileID: 1972292991140212311, guid: 25094ff5eef841942ba07e84a164c4ba,
        type: 3}
      propertyPath: m_LocalRotation.w
      value: 1
      objectReference: {fileID: 0}
    - target: {fileID: 1972292991140212311, guid: 25094ff5eef841942ba07e84a164c4ba,
        type: 3}
      propertyPath: m_RootOrder
      value: 5
      objectReference: {fileID: 0}
    - target: {fileID: 1972292991140212311, guid: 25094ff5eef841942ba07e84a164c4ba,
        type: 3}
      propertyPath: m_LocalEulerAnglesHint.x
      value: 0
      objectReference: {fileID: 0}
    - target: {fileID: 1972292991140212311, guid: 25094ff5eef841942ba07e84a164c4ba,
        type: 3}
      propertyPath: m_LocalEulerAnglesHint.y
      value: 0
      objectReference: {fileID: 0}
    - target: {fileID: 1972292991140212311, guid: 25094ff5eef841942ba07e84a164c4ba,
        type: 3}
      propertyPath: m_LocalEulerAnglesHint.z
      value: 0
      objectReference: {fileID: 0}
    - target: {fileID: 1972292991140212311, guid: 25094ff5eef841942ba07e84a164c4ba,
        type: 3}
      propertyPath: m_AnchoredPosition.x
      value: 0
      objectReference: {fileID: 0}
    - target: {fileID: 1972292991140212311, guid: 25094ff5eef841942ba07e84a164c4ba,
        type: 3}
      propertyPath: m_AnchoredPosition.y
      value: 0
      objectReference: {fileID: 0}
    - target: {fileID: 1972292991140212311, guid: 25094ff5eef841942ba07e84a164c4ba,
        type: 3}
      propertyPath: m_SizeDelta.x
      value: 0
      objectReference: {fileID: 0}
    - target: {fileID: 1972292991140212311, guid: 25094ff5eef841942ba07e84a164c4ba,
        type: 3}
      propertyPath: m_SizeDelta.y
      value: 0
      objectReference: {fileID: 0}
    - target: {fileID: 1972292991140212311, guid: 25094ff5eef841942ba07e84a164c4ba,
        type: 3}
      propertyPath: m_AnchorMin.x
      value: 0
      objectReference: {fileID: 0}
    - target: {fileID: 1972292991140212311, guid: 25094ff5eef841942ba07e84a164c4ba,
        type: 3}
      propertyPath: m_AnchorMin.y
      value: 0
      objectReference: {fileID: 0}
    - target: {fileID: 1972292991140212311, guid: 25094ff5eef841942ba07e84a164c4ba,
        type: 3}
      propertyPath: m_AnchorMax.x
      value: 0
      objectReference: {fileID: 0}
    - target: {fileID: 1972292991140212311, guid: 25094ff5eef841942ba07e84a164c4ba,
        type: 3}
      propertyPath: m_AnchorMax.y
      value: 0
      objectReference: {fileID: 0}
    - target: {fileID: 1972292991140212311, guid: 25094ff5eef841942ba07e84a164c4ba,
        type: 3}
      propertyPath: m_Pivot.x
      value: 0
      objectReference: {fileID: 0}
    - target: {fileID: 1972292991140212311, guid: 25094ff5eef841942ba07e84a164c4ba,
        type: 3}
      propertyPath: m_Pivot.y
      value: 0
      objectReference: {fileID: 0}
    m_RemovedComponents: []
  m_SourcePrefab: {fileID: 100100000, guid: 25094ff5eef841942ba07e84a164c4ba, type: 3}
--- !u!224 &1668573495 stripped
RectTransform:
  m_CorrespondingSourceObject: {fileID: 1972292991140212311, guid: 25094ff5eef841942ba07e84a164c4ba,
    type: 3}
  m_PrefabInstance: {fileID: 1668573494}
  m_PrefabAsset: {fileID: 0}
--- !u!1001 &1730971079
PrefabInstance:
  m_ObjectHideFlags: 0
  serializedVersion: 2
  m_Modification:
    m_TransformParent: {fileID: 805821353}
    m_Modifications:
    - target: {fileID: 128328, guid: bc6b7d6f0fb98544a873a3d69729fe66, type: 3}
      propertyPath: m_Name
      value: SM_Env_Tile_Grass_01
      objectReference: {fileID: 0}
    - target: {fileID: 415236, guid: bc6b7d6f0fb98544a873a3d69729fe66, type: 3}
      propertyPath: m_LocalPosition.x
      value: 8
      objectReference: {fileID: 0}
    - target: {fileID: 415236, guid: bc6b7d6f0fb98544a873a3d69729fe66, type: 3}
      propertyPath: m_LocalPosition.y
      value: -1
      objectReference: {fileID: 0}
    - target: {fileID: 415236, guid: bc6b7d6f0fb98544a873a3d69729fe66, type: 3}
      propertyPath: m_LocalPosition.z
      value: 9
      objectReference: {fileID: 0}
    - target: {fileID: 415236, guid: bc6b7d6f0fb98544a873a3d69729fe66, type: 3}
      propertyPath: m_LocalRotation.x
      value: 0
      objectReference: {fileID: 0}
    - target: {fileID: 415236, guid: bc6b7d6f0fb98544a873a3d69729fe66, type: 3}
      propertyPath: m_LocalRotation.y
      value: 0
      objectReference: {fileID: 0}
    - target: {fileID: 415236, guid: bc6b7d6f0fb98544a873a3d69729fe66, type: 3}
      propertyPath: m_LocalRotation.z
      value: 0
      objectReference: {fileID: 0}
    - target: {fileID: 415236, guid: bc6b7d6f0fb98544a873a3d69729fe66, type: 3}
      propertyPath: m_LocalRotation.w
      value: 1
      objectReference: {fileID: 0}
    - target: {fileID: 415236, guid: bc6b7d6f0fb98544a873a3d69729fe66, type: 3}
      propertyPath: m_RootOrder
      value: 0
      objectReference: {fileID: 0}
    - target: {fileID: 415236, guid: bc6b7d6f0fb98544a873a3d69729fe66, type: 3}
      propertyPath: m_LocalEulerAnglesHint.x
      value: 0
      objectReference: {fileID: 0}
    - target: {fileID: 415236, guid: bc6b7d6f0fb98544a873a3d69729fe66, type: 3}
      propertyPath: m_LocalEulerAnglesHint.y
      value: 0
      objectReference: {fileID: 0}
    - target: {fileID: 415236, guid: bc6b7d6f0fb98544a873a3d69729fe66, type: 3}
      propertyPath: m_LocalEulerAnglesHint.z
      value: 0
      objectReference: {fileID: 0}
    - target: {fileID: 415236, guid: bc6b7d6f0fb98544a873a3d69729fe66, type: 3}
      propertyPath: m_LocalScale.x
      value: 6
      objectReference: {fileID: 0}
    - target: {fileID: 415236, guid: bc6b7d6f0fb98544a873a3d69729fe66, type: 3}
      propertyPath: m_LocalScale.y
      value: 6
      objectReference: {fileID: 0}
    - target: {fileID: 415236, guid: bc6b7d6f0fb98544a873a3d69729fe66, type: 3}
      propertyPath: m_LocalScale.z
      value: 6
      objectReference: {fileID: 0}
    m_RemovedComponents: []
  m_SourcePrefab: {fileID: 100100000, guid: bc6b7d6f0fb98544a873a3d69729fe66, type: 3}
--- !u!1 &1894937462
GameObject:
  m_ObjectHideFlags: 0
  m_CorrespondingSourceObject: {fileID: 0}
  m_PrefabInstance: {fileID: 0}
  m_PrefabAsset: {fileID: 0}
  serializedVersion: 6
  m_Component:
  - component: {fileID: 1894937463}
  - component: {fileID: 1894937464}
  m_Layer: 0
  m_Name: EnvironmentSnow
  m_TagString: Untagged
  m_Icon: {fileID: 0}
  m_NavMeshLayer: 0
  m_StaticEditorFlags: 0
  m_IsActive: 0
--- !u!4 &1894937463
Transform:
  m_ObjectHideFlags: 0
  m_CorrespondingSourceObject: {fileID: 0}
  m_PrefabInstance: {fileID: 0}
  m_PrefabAsset: {fileID: 0}
  m_GameObject: {fileID: 1894937462}
  m_LocalRotation: {x: -0, y: -0, z: -0, w: 1}
  m_LocalPosition: {x: 10, y: 10, z: 10}
  m_LocalScale: {x: 1, y: 1, z: 1}
  m_Children: []
  m_Father: {fileID: 896303072}
  m_RootOrder: 2
  m_LocalEulerAnglesHint: {x: 0, y: 0, z: 0}
--- !u!114 &1894937464
MonoBehaviour:
  m_ObjectHideFlags: 0
  m_CorrespondingSourceObject: {fileID: 0}
  m_PrefabInstance: {fileID: 0}
  m_PrefabAsset: {fileID: 0}
  m_GameObject: {fileID: 1894937462}
  m_Enabled: 1
  m_EditorHideFlags: 0
  m_Script: {fileID: 11500000, guid: a3d4e0f73bc020942b92e7fc8a67f565, type: 3}
  m_Name: 
  m_EditorClassIdentifier: 
  AccessibleTiles:
  - {fileID: -5183479205079045386, guid: 5ba94a2fbc77eb8438020fb4f4f4ee62, type: 3}
  - {fileID: -5183479205079045386, guid: 9a700b1410e7651479de79a44f816a25, type: 3}
  - {fileID: -5183479205079045386, guid: 9a700b1410e7651479de79a44f816a25, type: 3}
  InaccessibleTiles:
  - {fileID: 6421328035841574967, guid: d6e730cedbd25b945a2b9473c093b193, type: 3}
  Size: {x: 16, y: 10}
  AccessiblePercentage: 0.8
--- !u!1 &2083344929
GameObject:
  m_ObjectHideFlags: 0
  m_CorrespondingSourceObject: {fileID: 0}
  m_PrefabInstance: {fileID: 0}
  m_PrefabAsset: {fileID: 0}
  serializedVersion: 6
  m_Component:
  - component: {fileID: 2083344931}
  - component: {fileID: 2083344930}
  m_Layer: 0
  m_Name: Environment
  m_TagString: Untagged
  m_Icon: {fileID: 0}
  m_NavMeshLayer: 0
  m_StaticEditorFlags: 0
  m_IsActive: 0
--- !u!114 &2083344930
MonoBehaviour:
  m_ObjectHideFlags: 0
  m_CorrespondingSourceObject: {fileID: 0}
  m_PrefabInstance: {fileID: 0}
  m_PrefabAsset: {fileID: 0}
  m_GameObject: {fileID: 2083344929}
  m_Enabled: 1
  m_EditorHideFlags: 0
  m_Script: {fileID: 11500000, guid: a3d4e0f73bc020942b92e7fc8a67f565, type: 3}
  m_Name: 
  m_EditorClassIdentifier: 
  AccessibleTiles:
  - {fileID: 5225831561217036612, guid: 068b00b1b45e14e49a33d5ab4dc954a2, type: 3}
  InaccessibleTiles:
  - {fileID: 7228575818001999334, guid: d85ca6f08a4ef8848b08ae4126b05734, type: 3}
  - {fileID: 4499036324842488966, guid: cd048cafd4c60d14d81bdb56cdb167ef, type: 3}
  - {fileID: 571534609703175618, guid: a99f7d9f1e95e294c83d0acf2b5bf7f4, type: 3}
  - {fileID: 4665734947335233729, guid: 84d83d076aecd1044aa0cdd7f246274b, type: 3}
  - {fileID: 7603024997213197666, guid: 85c72f2e63f7ff349b2aa0cc58203b3d, type: 3}
  - {fileID: 6878312587856686978, guid: 2e24aaa96e0e79a46a25f9d3b9aa0679, type: 3}
  - {fileID: 8522373763716547169, guid: 8f9604e6cd0daa340bd2ea2bd9e2f757, type: 3}
  - {fileID: 6828311611057938483, guid: 2593f9f48587c074b832d6b770276a89, type: 3}
  - {fileID: 7154152902380780791, guid: c5e37a9ed6d6fa647b00d6e82ee5c16b, type: 3}
  - {fileID: 6327076274816214487, guid: 5c03a0599a791424e81d737a11c51460, type: 3}
  - {fileID: 4443834457755422267, guid: c92f341529f498949a8bb6b831a12b68, type: 3}
  - {fileID: 4813118846058157084, guid: 24e8e3333cc7b864c9339faac3d44219, type: 3}
  - {fileID: 945550802858055119, guid: 27727d922a27a4b47afa81ac009daa90, type: 3}
  - {fileID: 10103160160458647, guid: aa373cc3cd8cfa7418126bd0b9a47880, type: 3}
  - {fileID: 8392035395846825301, guid: 4c0f70225ccee9c4eb8b566b0124f754, type: 3}
  - {fileID: 428312736237616533, guid: b2937a6c300c0624a8fb7c65bf8b21b3, type: 3}
  Size: {x: 20, y: 10}
  AccessiblePercentage: 0.85
--- !u!4 &2083344931
Transform:
  m_ObjectHideFlags: 0
  m_CorrespondingSourceObject: {fileID: 0}
  m_PrefabInstance: {fileID: 0}
  m_PrefabAsset: {fileID: 0}
  m_GameObject: {fileID: 2083344929}
  m_LocalRotation: {x: -0, y: -0, z: -0, w: 1}
  m_LocalPosition: {x: -3.1989305, y: -8.6385975, z: -9.239045}
  m_LocalScale: {x: 1, y: 1, z: 1}
  m_Children: []
  m_Father: {fileID: 896303072}
  m_RootOrder: 0
  m_LocalEulerAnglesHint: {x: 0, y: 0, z: 0}
